@online{pico_mdk,
  author = {Gabriel Wang},
  title = {Pico Template},
  year = {2022},
  url = {https://github.com/GorgonMeducer/Pico_Template},
  commit = {804882bb984c12acd9124757ec70dbc5a267bde2}
}

@manual{pico_sdk,
    organization  = "Raspberry Pi Ltd",
    title         = "Raspberry Pi Pico C/C++ SDK",
    year          =  2022,
    month         =  6,
    day           = 30,    
    note          = "1.4.0"
}

@manual{pico_manual,
    organization  = "Raspberry Pi Ltd",
    title         = "Raspberry Pi Pico Datasheet",
    year          =  2022,
    month         =  6,
    day           = 30,    
    note          = "1.9"
}

@manual{shiftreg_datasheet,
    organization  = "Titan Micro Electronics",
    title         = "CMOS Shift Register TM74HC59",
}

@online{wiki:ARM_architecture_family,
   author = "Wikipedia",
   title = "{ARM architecture family} - {W}ikipedia",
   year = "2022",
   url = {http://en.wikipedia.org/wiki/ARM_architecture_family},
 }
 
@online{wiki:Microcontroller,
   author = "Wikipedia",
   title = "{Microcontroller} - {W}ikipedia",
   year = "2022",
   url = {http://en.wikipedia.org/wiki/Microcontroller},
 }
 
@online{wiki:7seg,
   author = "Wikipedia",
   title = "Seven-segment display - Wikipedia",
   year = "2022",
   url = {https://en.wikipedia.org/wiki/Seven-segment_display},
 }
  
@online{wiki:multiplex_7seg,
   author = "Wikipedia",
   title = "Multiplexed display - Wikipedia",
   year = "2022",
   url = {https://en.wikipedia.org/wiki/Multiplexed_display},
 }
 
@online{wiki:buzzer,
   author = "Wikipedia",
   title = "Buzzer - Wikipedia",
   year = "2022",
   url = {https://en.wikipedia.org/wiki/Buzzer},
 }
 
@online{buzzer,
   author = "Digilent",
   title = "Learn.Digilentinc | Music with a Piezoelectric Buzzer",
   url = {https://learn.digilentinc.com/Documents/392},
}
 
 @online{multiplex_7seg,
   author = "Nikhil Joshi",
   title = "What are multiplexed displays and use of multiplexing - Arduino - C Programming,Seven Segment - Dotnetlovers",
   year = "2020",
   url = {https://www.dotnetlovers.com/article/10246/what-are-multiplexed-displays-and-use-of-multiplexing},
 }
 
 @online{ir_working,
   author = "Electronics Hub",
   title = "IR (Infrared) Obstacle Detection Sensor Circuit",
   year = "2015",
   url = {https://www.electronicshub.org/ir-sensor/},
 }

 
@online{pico_waveshare,
   author = "Waveshare",
   title = "Raspberry Pi Pico - Waveshare Wiki",
   year = "2022",
   url = {https://www.waveshare.com/wiki/Raspberry_Pi_Pico},
 }

@online{pico_pinout,
   author = "Raspberry Pi Ltd",
   title = "Pico-R3-A4-Pinout",
   year = "2022",
   url = {https://datasheets.raspberrypi.com/pico/Pico-R3-A4-Pinout.pdf},
 }